@book{navarro2013learning,
  title={Learning statistics with R},
  author={Navarro, Daniel},
  year={2013},
  publisher={Lulu. com}
}